@inproceedings{nielsen1993a,
  title={A mathematical model of the finding of usability problems},
  author={Nielsen, Jakob and Landauer, Thomas K},
  booktitle={Proceedings of the INTERACT'93 and CHI'93 conference on Human factors in computing systems},
  pages={206--213},
  year={1993},
  organization={ACM}
}
@inproceedings{spool2001a,
  title={Testing web sites: Five users is nowhere near enough},
  author={Spool, Jared and Schroeder, Will},
  booktitle={CHI'01 extended abstracts on Human factors in computing systems},
  pages={285--286},
  year={2001},
  organization={ACM}
}

@article{cockton2008a,
  title={Inspection based evaluations},
  author={Cockton, Gilbert and Woolrych, Alan and Lavery, Darryn and Sears, A and Jacko, J and Tsuchiya, I and Grandy, G},
  year={2008}
}

@misc{ergolab2014a,
 author = {Ergolab},
 title = {{Recette de test utilisateur
Partie 1}},
 howpublished = "\url{http://www.ergolab.net/articles/test-utilisateur-ergonomie-1.php}. En ligne; consulté le 14 avril 2014",
 year = {2014}, 
 note = "[En ligne; consulté le 14 avril 2014]''
 }
 
 @misc{stc2014a,
 author = {{Society for Technical Communication}},
 title = {{Usability Toolkit}},
 howpublished = "\url{http://web.archive.org/web/20080726101716/http://stcsig.org/usability/resources/toolkit/toolkit.html}. En ligne; consulté le 14 avril 2014",
 year = {2014}, 
 note = "[En ligne; consulté le 14 avril 2014]''
 }
 
 @misc{Perfetti2003a,
 author = {Perfetti, Christine and Landesman,Lori},
 title = {Eight Is Not Enough},
 howpublished = "\url{http://web.archive.org/web/20030617151102/http://world.std.com/~uieweb/Articles/eight_is_not_enough.htm}. En ligne; consulté le 14 avril 2014",
 year = {2003}, 
 note = "[En ligne; consulté le 14 avril 2014]''
 }
 
 @misc{grant2002a,
 author = {Grant, Joe},
 title = {Do-It-Yourself Usability Testing},
 howpublished = "\url{http://www.htc.net/~joegrant/grantconsulting/the180/diyUsabilitypt1.htm}. En ligne; consulté le 14 avril 2014",
 year = {2002}, 
 note = "[En ligne; consulté le 14 avril 2014]''
 }
 
 
  @misc{Usability2013a,
 author = {{Usability.gov}},
 title = { Conducting and Using Usability Tests},
 howpublished = "\url{http://www.usability.gov/how-to-and-tools/methods/index.html}. En ligne; consulté le 14 avril 2014",
 year = {2013, 2016}, 
 note = "[En ligne; consulté le 14 avril 2014]''
 }
 
 @misc{fast2002a,
 author = {Fast, Karl},
 title = {Recording Screen Activity During Usability Testing},
 howpublished = "\url{http://web.archive.org/web/20021004044638/http://www.boxesandarrows.com/archives/recording_screen_activity_during_usability_testing.php}. En ligne; consulté le 14 avril 2014",
 year = {2002}, 
 note = "[En ligne; consulté le 14 avril 2014]''
 }
 
  @misc{grant2002b,
 author = {Grant, Joe},
 title = {A Usability Test Storyboard},
 howpublished = "\url{http://www.htc.net/~joegrant/grantconsulting/usability_storyboard/}. En ligne; consulté le 14 avril 2014",
 year = {2002}, 
 note = "[En ligne; consulté le 14 avril 2014]''
 }
 
   @misc{light2001a,
 author = {Light, Ann},
 title = {‘Discount’ user testing under fire},
 howpublished = "\url{http://web.archive.org/web/20011225022519/http://www.usabilitynews.com/news/article87.asp}. En ligne; consulté le 14 avril 2014",
 year = {2001}, 
 note = "[En ligne; consulté le 14 avril 2014]''
 }
 
 @inproceedings{spool2001a,
  title={Testing web sites: Five users is nowhere near enough},
  author={Spool, Jared and Schroeder, Will},
  booktitle={CHI'01 extended abstracts on Human factors in computing systems},
  pages={285--286},
  year={2001},
  organization={ACM}
}

@inproceedings{woolrych2001a,
  title={Why and when five test users aren’t enough},
  author={Woolrych, Alan and Cockton, Gilbert},
  booktitle={Proceedings of IHM-HCI 2001 conference},
  volume={2},
  pages={105--108},
  year={2001},
  organization={Citeseer}
}

@misc{fleming1998a,
 author = {Fleming,Jennifer},
 title = {User Testing - How to find out what users want.},
 howpublished = "\url{http://web.archive.org/web/19990222164840/http://ahref.com/guides/design/199806/0615jef.html}. En ligne; consulté le 14 avril 2014",
 year = {1998}, 
 note = "[En ligne; consulté le 14 avril 2014]''
 }
 
 @misc{kuniavsky1998a,
 author = {Kuniavsky, Mike},
 title = {	Why User Testing Is Good},
 howpublished = "\url{http://web.archive.org/web/20000414153544/http://hotwired.lycos.com/webmonkey/98/14/index3a.html?tw=design}. En ligne; consulté le 14 avril 2014",
 year = {1998}, 
 note = "[En ligne; consulté le 14 avril 2014]''
 }
 
 @misc{gordon2000a,
 author = {Gordon,Seth},
 title = {How to Plan, Execute, and Report on a Usability Evaluation},
 howpublished = "\url{http://web.archive.org/web/20031015005049/http://builder.com.com/5100-31-5077372.html}. En ligne; consulté le 14 avril 2014",
 year = {2000}, 
 note = "[En ligne; consulté le 14 avril 2014]''
 }
 
 @misc{kirby2000a,
 author = {Kirby,Lauren},
 title = {Professional Website Usability},
 howpublished = "\url{http://web.archive.org/web/20040309232629/http://www.sitepoint.com/print/website-usability}. En ligne; consulté le 14 avril 2014",
 year = {2000}, 
 note = "[En ligne; consulté le 14 avril 2014]''
 }
 
  @misc{nielsen2000a,
 author = {Nielsen,  Jakob},
 title = {Why You Only Need to Test with 5 Users},
 howpublished = "\url{https://www.nngroup.com/articles/why-you-only-need-to-test-with-5-users/}. En ligne; consulté le 14 avril 2014",
 year = {2000}, 
 note = "[En ligne; consulté le 14 avril 2014]''
 }
 
 @book{rubin2008handbook,
  title={Handbook of usability testing: how to plan, design and conduct effective tests},
  author={Rubin, Jeffrey and Chisnell, Dana},
  year={2008},
  publisher={John Wiley \& Sons}
}
@book{dumas1999practical,
  title={A practical guide to usability testing},
  author={Dumas, Joseph S and Redish, Janice},
  year={1999},
  publisher={Intellect Books}
}
 @misc{apop2013a,
 author = {{Association pour les application pédagogiques de l'ordinateur au post-secondaire}},
 title = {Test diagnos...tic, synthèse des informations recueillies},
 howpublished = "\url{http://www.profweb.ca/system/cms/files/files/000/000/626/original/resultats_test_diagnostic.pdf}. En ligne; consulté le 13 décembre 2013",
 year = {2013}, 
 note = "[En ligne; consulté le 13 décebre 2013]''
 }
 @misc{xerox1995a,
 author = {{Xerox Corporation, Usability Analysis \& Design}},
 title = {Heuristic Evalualtion - A System Checklist},
 howpublished = "\url{http://web.archive.org/web/20010331094641/http://www.stcsig.org/usability/resources/toolkit/he_cklst.doc}. En ligne; consulté le 14 avril 2014",
 year = {1995}, 
 note = "[En ligne; consulté le 14 avril 2014]''
 }
  @misc{xerox1995b,
 author = {{Xerox Corporation, Usability Analysis \& Design}},
 title = {Usability Participant Questionnaire},
 howpublished = "\url{http://web.archive.org/web/20010331094641/http://www.stcsig.org/usability/resources/toolkit/survey.doc}. En ligne; consulté le 14 avril 2014",
 year = {1995}, 
 note = "[En ligne; consulté le 14 avril 2014]''
 }
 
  @misc{naughton1995a,
 author = {Naughton, Wendy W.},
 title = {Activities to be completed with user participants
Process overview, system under test overview and setting information
},
 howpublished = "\url{http://web.archive.org/web/20010331094641/http://www.stcsig.org/usability/resources/toolkit/scenpak.doc}. En ligne; consulté le 14 avril 2014",
 year = {1995}, 
 note = "[En ligne; consulté le 14 avril 2014]''
 }
 
@misc{miller2002a,
 author = {Miller, Richard H.},
 title = {E-learning site usability checklist},
 howpublished = "\url{http://web.archive.org/web/20030403063406/http://www.stcsig.org/usability/resources/toolkit/e-learning-checklist.doc}. En ligne; consulté le 14 avril 2014",
 year = {2002}, 
 note = "[En ligne; consulté le 14 avril 2014]''
 }
 
 